<?xml version="1.0" encoding="UTF-8"?><collection xmlns="http://www.loc.gov/MARC21/slim"><record><leader>00472nam--2200169-i-4500</leader><controlfield tag="001">000031151</controlfield><controlfield tag="002">20161230</controlfield><controlfield tag="005">20161230201038</controlfield><controlfield tag="008">060222s1000------------r-----000-0-eng-d</controlfield><datafield ind1=" " ind2=" " tag="040"><subfield code="a">IFIN-HH</subfield></datafield><datafield ind1=" " ind2=" " tag="080"><subfield code="a">537.523.3</subfield></datafield><datafield ind1="1" ind2=" " tag="100"><subfield code="a">Loeb, Leonard B</subfield></datafield><datafield ind1="1" ind2="0" tag="245"><subfield code="a">Electrical coronas</subfield><subfield code="b">Their basic physical mechanisms</subfield><subfield code="c">Leonard b. loeb</subfield></datafield><datafield ind1=" " ind2=" " tag="260"><subfield code="a">Berkeley</subfield><subfield code="b">University Of California Press</subfield><subfield code="c">1965</subfield></datafield><datafield ind1=" " ind2=" " tag="300"><subfield code="a">XIX+694P</subfield></datafield><datafield ind1=" " ind2=" " tag="852"><subfield code="a">77207</subfield><subfield code="c">537.52</subfield></datafield><datafield ind1=" " ind2=" " tag="CAT"><subfield code="a">Sys</subfield><subfield code="c">20110805</subfield><subfield code="h">090907</subfield></datafield></record></collection>